@book{brundtland1987our,
  title={Our common future},
  author={Brundtland, Gro Harlem and World Commission on Environment and Development},
  volume={383},
  year={1987},
  publisher={Oxford University Press Oxford}
}

@article{alkan2009goal,
  title={A goal oriented indicator framework to support integrated assessment of new policies for agri-environmental systems},
  author={Alkan Olsson, Johanna and Bockstaller, Christian and Stapleton, Lee M and Ewert, Frank and Knapen, Rob and Therond, Olivier and Geniaux, Ghislain and Bellon, St{\'e}phane and Correira, Teresa Pinto and Turpin, Nadine and others},
  journal={Environmental Science \& Policy},
  volume={12},
  number={5},
  pages={562--572},
  year={2009},
  publisher={Elsevier}
}

@book{bossel1999indicators,
  title={Indicators for sustainable development: theory, method, applications},
  author={Bossel, Hartmut},
  year={1999},
  publisher={International Institute for Sustainable Development Winnipeg}
}

@mastersthesis{brunooliveira2013,
 title={Avalia{\c c}\~ao da sustentabilidade da cana-de-a{\c c}\'{u}car no Estado de S\~ao Paulo: uma proposta metodol\'{o}gica e de modelo conceitual},
 author={Bruno Oliveira Cardoso},
 year={2013}
}

@book{van2005indicadores,
  title={Indicadores de sustentabilidade: uma an{\'a}lise comparativa},
  author={Van Bellen, Hans Michael},
  year={2005},
  publisher={FGV editora}
}

@inproceedings{brilhante2006information,
  title={Information integration through ontology and metadata for sustainability analysis},
  author={Brilhante, V and Ferreira, A and Marinho, J and Pereira, JS},
  booktitle={Proc. of the 3rd biennial meeting of the International Environmental Modelling and Software Society},
  year={2006}
}

@article{gruber1995toward,
  title={Toward principles for the design of ontologies used for knowledge sharing?},
  author={Gruber, Thomas R},
  journal={International journal of human-computer studies},
  volume={43},
  number={5},
  pages={907--928},
  year={1995},
  publisher={Elsevier}
}

@book{liu2009encyclopedia,
  title={Encyclopedia of database systems},
  author={Liu, Ling and Zsu, M Tamer},
  year={2009},
  publisher={Springer Publishing Company, Incorporated}
}

@article{kraines2011system,
  title={A system for ontology-based sharing of expert knowledge in sustainability science},
  author={Kraines, Steven and Guo, Weisen},
  journal={Data Science Journal},
  volume={9},
  pages={107--123},
  year={2011},
  publisher={CODATA}
}

@article{lata2013semantic,
  title={Semantic Web Query on e-Governance Data and Designing Ontology for Agriculture Domain},
  author={Lata, Swaran and Sinha, Bhaskar and Kumar, Ela and Chandra, Somnath and Arora, Raghu},
  journal={International Journal of Web \& Semantic Technology},
  volume={4},
  number={3},
  year={2013},
  publisher={Citeseer}
}

@inproceedings{roussey2010ontologies,
  title={Ontologies in Agriculture},
  author={Roussey, Catherine and Soulignac, V and Champomier, JC and Abt, V and Chanet, JP and others},
  booktitle={AgEng 2010, International Conference on Agricultural Engineering},
  year={2010}
}

@article{tilman2002agricultural,
  title={Agricultural sustainability and intensive production practices},
  author={Tilman, David and Cassman, Kenneth G and Matson, Pamela A and Naylor, Rosamond and Polasky, Stephen},
  journal={Nature},
  volume={418},
  number={6898},
  pages={671--677},
  year={2002},
  publisher={Nature Publishing Group}
}

@article{ewert2009methodology,
  title={A methodology for enhanced flexibility of integrated assessment in agriculture},
  author={Ewert, Frank and van Ittersum, Martin K and Bezlepkina, Irina and Therond, Olivier and Andersen, Erling and Belhouchette, Hatem and Bockstaller, Christian and Brouwer, Floor and Heckelei, Thomas and Janssen, Sander and others},
  journal={Environmental Science \& Policy},
  volume={12},
  number={5},
  pages={546--561},
  year={2009},
  publisher={Elsevier}
}

@article{jesus2009proposed,
  title={A proposed impact assessment method for genetically modified plants (< i> AS-GMP Method</i>)},
  author={Jesus-Hitzschky, Katia Regina Evaristo de and da Silveira, Jos{\'e} Maria FJ},
  journal={Environmental Impact Assessment Review},
  volume={29},
  number={6},
  pages={348--358},
  year={2009},
  publisher={Elsevier}
}

@article{de2006proposed,
  title={A proposed risk assessment method for genetically modified plants},
  author={de Jesus, Katia Regina Evaristo and Lanna, Anna Cristina and Vieira, Fabio Danilo and de Abreu, Andre Luiz and de Lima, Denis Ubeda},
  journal={Applied Biosafety},
  volume={11},
  number={3},
  pages={127},
  year={2006},
  publisher={AMERICAN BIOLOGICAL SAFETY ASSOCIATION}
}

@article{wilson2007contrasting,
  title={Contrasting and comparing sustainable development indicator metrics},
  author={Wilson, Jeffrey and Tyedmers, Peter and Pelot, Ronald},
  journal={Ecological Indicators},
  volume={7},
  number={2},
  pages={299--314},
  year={2007},
  publisher={Elsevier}
}

@misc{brandao2002introduccao,
  title={Uma Introdu{\c{c}}{\~a}o {\`a} engenharia de ontologias no contexto da web sem{\^a}ntica},
  author={Brand{\~a}o, Anarosa Alves Franco and de Lucena, Carlos Jos{\'e} Pereira},
  year={2002},
  publisher={PUC}
}

@article{gruber1993translation,
  title={A translation approach to portable ontology specifications},
  author={Gruber, Thomas R},
  journal={Knowledge acquisition},
  volume={5},
  number={2},
  pages={199--220},
  year={1993},
  publisher={Elsevier}
}

@misc{noy2001ontology,
  title={Ontology development 101: A guide to creating your first ontology},
  author={Noy, Natalya F and McGuinness, Deborah L and others},
  year={2001},
  publisher={Stanford knowledge systems laboratory technical report KSL-01-05 and Stanford medical informatics technical report SMI-2001-0880}
}

@book{simon1982models,
  title={Models of bounded rationality: Empirically grounded economic reason},
  author={Simon, Herbert Alexander},
  volume={3},
  year={1982},
  publisher={MIT press}
}

@article{alcaraz2010detection,
  title={Detection of semantic conflicts in ontology and rule-based information systems},
  author={Alcaraz Calero, Jose M and Mar{\'\i}n P{\'e}rez, Juan M and Bernal Bernab{\'e}, Jorge and Garcia Clemente, Felix J and Mart{\'\i}nez P{\'e}rez, Gregorio and G{\'o}mez Skarmeta, Antonio F},
  journal={Data \& Knowledge Engineering},
  volume={69},
  number={11},
  pages={1117--1137},
  year={2010},
  publisher={Elsevier}
}

@inproceedings{wen2007event,
  title={Event-based knowledge acquisition for ontology learning},
  author={Wen, Zhou and Zongtian, Liu and Ying, Liu and Yan, Zhao},
  booktitle={6th IEEE International Conference on Cognitive Informatics},
  pages={498--501},
  year={2007}
}

@article{cuiping2013agricultural,
  title={Agricultural Knowledge Grid Construction},
  author={Cuiping, Tan and Huaiguo, Zheng and Junfeng, Zhang and Sufen, Sun and Guangda, Li},
  journal={TELKOMNIKA Indonesian Journal of Electrical Engineering},
  volume={11},
  number={9},
  pages={5224--5228},
  year={2013}
}

@inproceedings{lauser2006agrovoc,
  title={From AGROVOC to the Agricultural Ontology Service/Concept Server. An OWL model for creating ontologies in the agricultural domain},
  author={Lauser, Boris and Sini, Margerita and Liang, Anita and Keizer, Johannes and Katz, Stephen},
  booktitle={Dublin Core Conference Proceedings},
  year={2006},
  organization={Dublin Core DCMI}
}

@article{gallopin1996environmental,
  title={Environmental and sustainability indicators and the concept of situational indicators. A systems approach},
  author={Gallop{\'\i}n, Gilberto C},
  journal={Environmental modeling \& assessment},
  volume={1},
  number={3},
  pages={101--117},
  year={1996},
  publisher={Springer}
}
